@inproceedings{malhotra2015long,
  title={Long short term memory networks for anomaly detection in time series},
  author={Malhotra, Pankaj and Vig, Lovekesh and Shroff, Gautam and Agarwal, Puneet},
  booktitle={Proceedings},
  volume={89},
  year={2015},
  organization={Presses universitaires de Louvain}
}

@article{an2015variational,
  title={Variational autoencoder based anomaly detection using reconstruction probability},
  author={An, Jinwon and Cho, Sungzoon},
  journal={Special Lecture on IE},
  volume={2},
  number={1},
  year={2015}
}

@inproceedings{xu2018unsupervised,
  title={Unsupervised anomaly detection via variational auto-encoder for seasonal kpis in web applications},
  author={Xu, Haowen and Chen, Wenxiao and Zhao, Nengwen and Li, Zeyan and Bu, Jiahao and Li, Zhihan and Liu, Ying and Zhao, Youjian and Pei, Dan and Feng, Yang and others},
  booktitle={Proceedings of the 2018 World Wide Web Conference},
  pages={187--196},
  year={2018}
}

@inproceedings{ruff2018deep,
  title={Deep one-class classification},
  author={Ruff, Lukas and Vandermeulen, Robert and Goernitz, Nico and Deecke, Lucas and Siddiqui, Shoaib Ahmed and Binder, Alexander and M{\"u}ller, Emmanuel and Kloft, Marius},
  booktitle={International conference on machine learning},
  pages={4393--4402},
  year={2018}
}

@article{malhotra2016lstm,
  title={LSTM-based encoder-decoder for multi-sensor anomaly detection},
  author={Malhotra, Pankaj and Ramakrishnan, Anusha and Anand, Gaurangi and Vig, Lovekesh and Agarwal, Puneet and Shroff, Gautam},
  journal={arXiv preprint arXiv:1607.00148},
  year={2016}
}

@article{zong2018deep,
  title={Deep autoencoding gaussian mixture model for unsupervised anomaly detection},
  author={Zong, Bo and Song, Qi and Min, Martin Renqiang and Cheng, Wei and Lumezanu, Cristian and Cho, Daeki and Chen, Haifeng},
  year={2018}
}

@inproceedings{su2019robust,
  title={Robust Anomaly Detection for Multivariate Time Series through Stochastic Recurrent Neural Network},
  author={Su, Ya and Zhao, Youjian and Niu, Chenhao and Liu, Rong and Sun, Wei and Pei, Dan},
  booktitle={Proceedings of the 25th ACM SIGKDD International Conference on Knowledge Discovery \& Data Mining},
  pages={2828--2837},
  year={2019}
}

@article{park2018multimodal,
  title={A multimodal anomaly detector for robot-assisted feeding using an lstm-based variational autoencoder},
  author={Park, Daehyung and Hoshi, Yuuna and Kemp, Charles C},
  journal={IEEE Robotics and Automation Letters},
  volume={3},
  number={3},
  pages={1544--1551},
  year={2018},
  publisher={IEEE}
}

@inproceedings{lin2016automated,
  title={Automated anomaly detection and root cause analysis in virtualized cloud infrastructures},
  author={Lin, Jieyu and Zhang, Qi and Bannazadeh, Hadi and Leon-Garcia, Alberto},
  booktitle={NOMS 2016-2016 IEEE/IFIP Network Operations and Management Symposium},
  pages={550--556},
  year={2016},
  organization={IEEE}
}

@article{weng2018root,
  title={Root cause analysis of anomalies of multitier services in public clouds},
  author={Weng, Jianping and Wang, Jessie Hui and Yang, Jiahai and Yang, Yang},
  journal={IEEE/ACM Transactions on Networking},
  volume={26},
  number={4},
  pages={1646--1659},
  year={2018},
  publisher={IEEE}
}

@inproceedings{wu2020microrca,
  title={MicroRCA: Root Cause Localization of Performance Issues in Microservices},
  author={Wu, Li and Tordsson, Johan and Elmroth, Erik and Kao, Odej},
  booktitle={IEEE/IFIP Network Operations and Management Symposium (NOMS)},
  year={2020}
}

@book{IEEE-1363,
  author          = {{IEEE Std 1363-2000}},
  title           = {{IEEE} Standard Specifications for Public-Key Cryptography},
  address         = {New York},
  publisher       = {IEEE},
  year            = 2000
}

@inproceedings{kocher99,
  author          = {C. Kocher and J. Jaffe and B. Jun},
  title           = {Differential Power Analysis},
  editor          = {M. Wiener},
  booktitle       = {Advances in Cryptology ({CRYPTO}~'99)},
  series          = {Lecture Notes in Computer Science},
  volume          = 1666,
  pages           = {388-397},
  publisher       = {Springer-Verlag},
  address         = {Germany},
  month           = {August},
  year            = 1999
}

@incollection{Krasnogor2004e,
  author          = {N. Krasnogor},
  title           = {Towards robust memetic algorithms},
  booktitle       = {Recent Advances in Memetic Algorithms},
  publisher       = {Springer Berlin Heidelberg},
  year            = 2004,
  pages           = {185-207},
  editor          = {W.E. Hart and N. Krasnogor and J.E. Smith},
  volume          = 166,
  series          = {Studies in Fuzziness and Soft Computing},
  address         = {New York},
}

@incollection{zjsw,
  author          = {班固},
  title           = {苏武传},
  booktitle       = {传记散文英华},
  publisher       = {湖北人民出版社},
  year            = 1998,
  pages           = {65-69},
  editor          = {郑在瀛 and 汪超宏 and 周文复},
  volume          = 2,
  series          = {新古文观止丛书},
  address         = {武汉},
}

@inbook{clzs,
  author          = {阎真},
  title           = {沧浪之水},
  chapter         = {大人物还是讲人情的},
  pages           = {185-207},
  publisher       = {人民文学出版社},
  address         = {北京},
  year            = 2001,
}

@book{tex,
  author          = "Donald E. Knuth",
  title           = "The {\TeX}book",
  publisher       = "Addison-Wesley Publishing Company",
  address         = "Reading, MA",
  year            = 1989,
  edition         = "15th",
}

@book{companion,
  author          = "Michel Goosens and Frank Mittelbach and Alexander Samarin",
  title           = "The {\LaTeX} Companion",
  publisher       = "Addison-Wesley Publishing Company",
  address         = "Reading, MA",
  PAGES           = "112--125",
  year            = 1994,
}

@article{ELIDRISSI94,
  author          = "{Chafik El Idrissi}, M. and {Roney}, A. and {Frigon}, C.
                  and {Larzilli{\`e}re}, M.",
  title           = "Measurements of total kinetic-energy released to the
                  {$N=2$} dissociation limit of {H}$_2$ --- evidence of the
                  dissociation of very high vibrational {R}ydberg states of
                  {H}$_2$ by doubly-excited states",
  journal         = "Chemical Physics Letters",
  pages           = "260-266",
  volume          = 224,
  number          = 10,
  year            = 1994,
}

@article{MELLINGER96,
  author          = "Mellinger, A. and Vidal, C. R. and Jungen, Ch.",
  title           = "Laser reduced fluorescence study of the carbon-monoxide nd
                  triplet {R}ydberg series-experimental results and multichannel
                  quantum-defect analysis",
  journal         = "J. Chem. Phys.",
  pages           = "8913-8921",
  volume          = 104,
  number          = 5,
  year            = 1996,
}

@article{SHELL02,
  author          = "Michael Shell",
  title           = "How to Use the {IEEEtran \LaTeX} Class",
  journal         = "Journal of {\LaTeX} Class Files",
  year            = 2002,
  volume          = 12,
  number          = 4,
  pages           = "100--120"
}

@TechReport{NPB2,
  title =        {The {NAS} Parallel Benchmarks 2.0},
  author =       {Alex Woo and David Bailey and Maurice Yarrow and Wijngaart
                  Wijngaart and Tim Harris and William Saphir},
  year =         1995,
  month =        dec # "~05",
  institution =  "The Pennsylvania State University CiteSeer Archives",
  url =          "http://www.nasa.org/"
}

@inproceedings{DPMG,
  author          = {Kim, Sangbum and Woo, Namyoon and Yeom, Heon Y. and Park,
                  Taesoon and Park, Hyoungwoo},
  title           = {Design and {I}mplementation of {D}ynamic {P}rocess
                  {M}anagement for {G}rid-enabled {MPICH}},
  booktitle       = {the 10th European PVM/MPI Users' Group Conference},
  editor          = {Jack Dongarra and Domenico Laforenza and Salvatore Orlando},
  publisher       = {Springer-Verlag},
  year            = 2003,
  address         = {Venice, Italy},
  month           = sep,
}

@inproceedings{cnproceed,
  author          = {王重阳 and 黄药师 and 欧阳峰 and 洪七公 and 段皇帝},
  publisher       = {金大庸},
  title           = {武林高手从入门到精通},
  booktitle       = {第~$N$~次华山论剑},
  year            = 2006,
  address         = {西安, 中国},
  month           = sep,
}

@article{cnarticle,
  author          = "贾宝玉 and 林黛玉 and 薛宝钗 and 贾探春",
  title           = "论刘姥姥食量大如牛之现实意义",
  journal         = "红楼梦杂谈",
  pages           = "260--266",
  volume          = 224,
  year            = 1800,
}

@mastersthesis{zhubajie,
  author =       {猪八戒},
  title =        {论流体食物的持久保存},
  school =       {广寒宫大学},
  year =         2005,
  address =      {北京},
}

@phdthesis{shaheshang,
  author =       {沙和尚},
  title =        {论流沙河的综合治理},
  school =       {清华大学},
  year =         2005,
  address =      {北京},
}

@mastersthesis{metamori2004,
  author =       {Ashwin Raju Jeyakumar},
  title =        {Metamori: A library for Incremental File Checkpointing},
  school =       {Virgina Tech},
  year =         2004,
  month =        jun # "~21",
  address =      {Blacksburg},
}

@phdthesis{FistSystem01,
  author =       "Erez Zadok",
  title =        "{FiST: A System for Stackable File System Code Generation}",
  year =         2001,
  month =        "May",
  school =       "Computer Science Department, Columbia University",
  address =      "USA"
}

@inbook{ColdSources,
  author          = {P. Gr{\"o}ning and L. Nilsson and P. Ruffieux and R.
                  Clergereaux and O. Gr{\"o}ning},
  title           = {Encyclopedia of Nanoscience and Nanotechnology},
  pages           = {547--579},
  publisher       = {American Scientific Publishers},
  year            = 2004,
  volume          = 1,
  address         = {USA},
}

@online{chuban2001,
  author          = {萧钰},
  title           = {出版业信息化迈入快车道},
  date            = {2001-12-19},
  urldate         = {2002-04-15},
  url             = {http://www.creader.com/news/200112190019.htm},
}

@online{oclc2000,
  author          = {{Online Computer Library Center, Inc.}},
  title           = {History of {OCLC}},
  year            = 2000,
  urldate         = {2000-01-08},
  url             = {http://www.oclc.org/about/history/default.htm},
}

@online{thuthesis,
  author          = {薛瑞尼},
  title           = {ThuThesis: 清华大学学位论文模板},
  urldate         = {2019-04-27},
  url             = {https://github.com/xueruini/thuthesis},
  year            = 2017,
}
